<record><leader>00000cas a2200000 a 4500</leader><controlfield tag="001">34174761</controlfield><controlfield tag="008">960212d188u189ufluwr ne      0    0eng c</controlfield><datafield ind1=" " ind2=" " tag="010"><subfield code="a">sn 95047470 </subfield></datafield><datafield ind1=" " ind2=" " tag="040"><subfield code="a">FUG</subfield><subfield code="b">eng</subfield><subfield code="c">FUG</subfield><subfield code="d">OCLCQ</subfield><subfield code="d">OCLCF</subfield><subfield code="d">OCLCO</subfield></datafield><datafield ind1=" " ind2=" " tag="012"><subfield code="i">9602</subfield></datafield><datafield ind1="1" ind2=" " tag="029"><subfield code="a">AU@</subfield><subfield code="b">000025894485</subfield></datafield><datafield ind1=" " ind2=" " tag="042"><subfield code="a">pcc</subfield></datafield><datafield ind1=" " ind2=" " tag="043"><subfield code="a">n-us-fl</subfield></datafield><datafield ind1="0" ind2=" " tag="130"><subfield code="a">Tampa tribune (Tampa, Fla. : 1885)</subfield></datafield><datafield ind1="1" ind2="4" tag="245"><subfield code="a">The Tampa tribune.</subfield></datafield><datafield ind1=" " ind2=" " tag="260"><subfield code="a">Tampa, Fla. :</subfield><subfield code="b">Spencer &amp; Mills</subfield></datafield><datafield ind1=" " ind2=" " tag="300"><subfield code="a">v.</subfield></datafield><datafield ind1=" " ind2=" " tag="310"><subfield code="a">Weekly,</subfield><subfield code="b">Mar. 25, 1887-&lt;June 12, 1890&gt;</subfield></datafield><datafield ind1=" " ind2=" " tag="321"><subfield code="a">Weekly,</subfield><subfield code="b">&lt;Jan. 6&gt;-13, 1887</subfield></datafield><datafield ind1=" " ind2=" " tag="321"><subfield code="a">Semiweekly,</subfield><subfield code="b">Jan. 18-Mar. 19, 1887</subfield></datafield><datafield ind1=" " ind2=" " tag="500"><subfield code="a">Editors: George Mills, &lt;Jan. 1897&gt;; G.M. Mathes, &lt;June 1897&gt;.</subfield></datafield><datafield ind1=" " ind2=" " tag="580"><subfield code="a">Triweekly ed.: Tampa tribune (Tampa, Fla. : 1890), &lt;1890-1891&gt;.</subfield></datafield><datafield ind1=" " ind2=" " tag="580"><subfield code="a">Daily eds.: Tampa daily tribune, &lt;1892&gt;; Daily Tampa tribune, &lt;1892&gt;.</subfield></datafield><datafield ind1=" " ind2=" " tag="588"><subfield code="a">Description based on: Vol. 11, no. 46 (Jan. 6, 1887).</subfield></datafield><datafield ind1=" " ind2=" " tag="588"><subfield code="a">Latest issue consulted: Vol. 16, no. 41 (Dec. 24, 1891).</subfield></datafield><datafield ind1=" " ind2="0" tag="651"><subfield code="a">Tampa (Fla.)</subfield><subfield code="v">Newspapers.</subfield></datafield><datafield ind1=" " ind2="0" tag="651"><subfield code="a">Hillsborough County (Fla.)</subfield><subfield code="v">Newspapers.</subfield></datafield><datafield ind1=" " ind2="7" tag="655"><subfield code="a">Newspapers.</subfield><subfield code="2">fast</subfield><subfield code="0">(OCoLC)fst01423814</subfield></datafield><datafield ind1=" " ind2="7" tag="651"><subfield code="a">Florida</subfield><subfield code="z">Hillsborough County.</subfield><subfield code="2">fast</subfield><subfield code="0">(OCoLC)fst01210214</subfield></datafield><datafield ind1=" " ind2="7" tag="651"><subfield code="a">Florida</subfield><subfield code="z">Tampa.</subfield><subfield code="2">fast</subfield><subfield code="0">(OCoLC)fst01206282</subfield></datafield><datafield ind1=" " ind2=" " tag="752"><subfield code="a">United States</subfield><subfield code="b">Florida</subfield><subfield code="c">Hillsborough</subfield><subfield code="d">Tampa.</subfield></datafield><datafield ind1="1" ind2=" " tag="775"><subfield code="t">Tampa tribune (Tampa, Fla. : 1890)</subfield><subfield code="w">(DLC)sn 95047474</subfield><subfield code="w">(OCoLC)34174765</subfield></datafield><datafield ind1="1" ind2=" " tag="775"><subfield code="t">Tampa daily tribune</subfield><subfield code="w">(DLC)sn 95047475</subfield><subfield code="w">(OCoLC)34174767</subfield></datafield><datafield ind1="1" ind2=" " tag="775"><subfield code="t">Daily Tampa tribune</subfield><subfield code="w">(DLC)sn 95047476</subfield><subfield code="w">(OCoLC)34174768</subfield></datafield><datafield ind1="0" ind2="0" tag="780"><subfield code="t">Sunland tribune</subfield><subfield code="w">(DLC)sn 83016264</subfield><subfield code="w">(OCoLC)2711399</subfield></datafield><datafield ind1="0" ind2="0" tag="785"><subfield code="t">Morning tribune (Tampa, Fla. : 1893 : Weekly)</subfield><subfield code="w">(DLC)sn 95047471</subfield><subfield code="w">(OCoLC)34174762</subfield></datafield><datafield ind1=" " ind2=" " tag="850"><subfield code="a">FU</subfield></datafield></record>